<?xml version="1.0" encoding="UTF-8"?><record xmlns="http://www.loc.gov/MARC21/slim" xmlns:cinclude="http://apache.org/cocoon/include/1.0" xmlns:zs="http://www.loc.gov/zing/srw/">
  <leader>00507nz  a2200121n  4500</leader>
  <controlfield tag="001">n  99015187 </controlfield>
  <controlfield tag="003">DLC</controlfield>
  <controlfield tag="005">19990223165706.5</controlfield>
  <controlfield tag="008">990223n| acannaab|          |n aaa |||  </controlfield>
  <datafield tag="010" ind1=" " ind2=" ">
    <subfield code="a">n  99015187 </subfield>
  </datafield>
  <datafield tag="040" ind1=" " ind2=" ">
    <subfield code="a">DLC</subfield>
    <subfield code="b">eng</subfield>
    <subfield code="c">DLC</subfield>
  </datafield>
  <datafield tag="100" ind1="1" ind2="0">
    <subfield code="a">Spoerel, Hilke,</subfield>
    <subfield code="d">1970-</subfield>
  </datafield>
  <datafield tag="670" ind1=" " ind2=" ">
    <subfield code="a">Überblick über die amerikanische Landpolitik des 19. Jahrhunderts und ihre Auswirkungen auf die Siedler unter besonderer Berücksichtigung von Laura Ingalls Wilders Little House-Serie, 1997:</subfield>
    <subfield code="b">t.p. (Hilke Spoerel) p.240 (b. 4.3.1970, Kiel)</subfield>
  </datafield>
</record>